@inproceedings{NairH10,
  author    = {Vinod Nair and
               Geoffrey E. Hinton},
  title     = {Rectified Linear Units Improve Restricted Boltzmann Machines},
  booktitle = {Proceedings of the 27th International Conference on Machine Learning
               (ICML-10), June 21-24, 2010, Haifa, Israel},
  pages     = {807--814},
  year      = {2010},
  url       = {http://www.icml2010.org/papers/432.pdf},
  timestamp = {Fri, 12 Jun 2015 19:15:11 +0200},
  biburl    = {http://dblp.uni-trier.de/rec/bib/conf/icml/NairH10},
  bibsource = {dblp computer science bibliography, http://dblp.org}
}
@inproceedings{Sutskever2013,
    Publisher = {JMLR Workshop and Conference Proceedings},
    Author = {Ilya Sutskever and James Martens and George E. Dahl and Geoffrey E. Hinton},
    Url = {http://jmlr.org/proceedings/papers/v28/sutskever13.pdf},
    Booktitle = {Proceedings of the 30th International Conference on Machine Learning (ICML-13)},
    Title = {On the importance of initialization and momentum in deep learning},
    Month = may,
    Volume = {28},
    Editor = {Sanjoy Dasgupta and David Mcallester},
    Year = {2013},
    Pages = {1139-1147}
   } 
@misc{Tieleman2012,
  title={{Lecture 6.5---RmsProp: Divide the gradient by a running average of its recent magnitude}},
  author={Tieleman, T. and Hinton, G.},
  howpublished={COURSERA: Neural Networks for Machine Learning},
  year={2012}
}